<record><leader>00000cas a22000007a 4500</leader><controlfield tag="001">12326153</controlfield><controlfield tag="008">850730d193u194uhiuuu ne      0    0ilo d</controlfield><datafield ind1=" " ind2=" " tag="010"><subfield code="a">sn 85047173 </subfield></datafield><datafield ind1=" " ind2=" " tag="040"><subfield code="a">HWN</subfield><subfield code="b">eng</subfield><subfield code="c">HWN</subfield><subfield code="d">OCLCQ</subfield><subfield code="d">OCLCF</subfield><subfield code="d">OCLCO</subfield></datafield><datafield ind1=" " ind2=" " tag="042"><subfield code="a">msc</subfield></datafield><datafield ind1=" " ind2=" " tag="043"><subfield code="a">n-us-hi</subfield></datafield><datafield ind1="0" ind2="3" tag="245"><subfield code="a">Ti Timek ti Vibora Luviminda.</subfield></datafield><datafield ind1=" " ind2=" " tag="260"><subfield code="a">Wailuku, Maui, T.H. :</subfield><subfield code="b">V. Luviminda</subfield></datafield><datafield ind1=" " ind2=" " tag="300"><subfield code="a">v. ;</subfield><subfield code="c">39 cm.</subfield></datafield><datafield ind1=" " ind2=" " tag="500"><subfield code="a">"Pagiwarnak a mangisakit dagiti mangmangged."</subfield></datafield><datafield ind1=" " ind2=" " tag="500"><subfield code="a">Editor: F.O. Peralta.</subfield></datafield><datafield ind1=" " ind2=" " tag="546"><subfield code="a">In Ilocano.</subfield></datafield><datafield ind1=" " ind2=" " tag="588"><subfield code="a">Description based on: Vol. 1, no. 2 (Octobre 5, 1938).</subfield></datafield><datafield ind1=" " ind2="0" tag="650"><subfield code="a">Filipinos</subfield><subfield code="z">Hawaii</subfield><subfield code="v">Periodicals.</subfield></datafield><datafield ind1=" " ind2="7" tag="655"><subfield code="a">Periodicals.</subfield><subfield code="2">fast</subfield><subfield code="0">(OCoLC)fst01411641</subfield></datafield><datafield ind1=" " ind2="7" tag="650"><subfield code="a">Filipinos.</subfield><subfield code="2">fast</subfield><subfield code="0">(OCoLC)fst00924213</subfield></datafield><datafield ind1=" " ind2="7" tag="651"><subfield code="a">Hawaii.</subfield><subfield code="2">fast</subfield><subfield code="0">(OCoLC)fst01208724</subfield></datafield><datafield ind1="1" ind2=" " tag="700"><subfield code="a">Peralta, Federico O.</subfield></datafield><datafield ind1=" " ind2=" " tag="752"><subfield code="a">United States</subfield><subfield code="b">Hawaii</subfield><subfield code="c">Maui</subfield><subfield code="d">Wailuku.</subfield></datafield></record>